<record><leader>00000cas a22000007a 4500</leader><controlfield tag="001">31017204</controlfield><controlfield tag="008">940826d196u1968ctumr ne      0    0eng d</controlfield><datafield ind1=" " ind2=" " tag="010"><subfield code="a">sn 94053226 </subfield></datafield><datafield ind1=" " ind2=" " tag="040"><subfield code="a">CNW</subfield><subfield code="b">eng</subfield><subfield code="c">CNW</subfield><subfield code="d">OCLCQ</subfield><subfield code="d">OCLCF</subfield><subfield code="d">OCLCO</subfield></datafield><datafield ind1="1" ind2=" " tag="029"><subfield code="a">AU@</subfield><subfield code="b">000011230064</subfield></datafield><datafield ind1=" " ind2=" " tag="042"><subfield code="a">msc</subfield></datafield><datafield ind1=" " ind2=" " tag="043"><subfield code="a">n-us-ct</subfield></datafield><datafield ind1="0" ind2="4" tag="245"><subfield code="a">The Clapboard Hill newspaper.</subfield></datafield><datafield ind1=" " ind2=" " tag="260"><subfield code="a">[Guilford, Conn.] :</subfield><subfield code="b">Ed. by Joel H[elander]</subfield></datafield><datafield ind1=" " ind2=" " tag="300"><subfield code="a">v.</subfield></datafield><datafield ind1=" " ind2=" " tag="310"><subfield code="a">Monthly</subfield></datafield><datafield ind1="0" ind2=" " tag="362"><subfield code="a">-Aug. 1968.</subfield></datafield><datafield ind1=" " ind2=" " tag="588"><subfield code="a">Description based on: June [1966].</subfield></datafield><datafield ind1=" " ind2="0" tag="651"><subfield code="a">Guilford (Conn.)</subfield><subfield code="v">Newspapers.</subfield></datafield><datafield ind1=" " ind2="7" tag="655"><subfield code="a">Newspapers.</subfield><subfield code="2">fast</subfield><subfield code="0">(OCoLC)fst01423814</subfield></datafield><datafield ind1=" " ind2="7" tag="651"><subfield code="a">Connecticut</subfield><subfield code="z">Guilford.</subfield><subfield code="2">fast</subfield><subfield code="0">(OCoLC)fst01217215</subfield></datafield><datafield ind1=" " ind2=" " tag="752"><subfield code="a">United States</subfield><subfield code="b">Connecticut</subfield><subfield code="c">New Haven</subfield><subfield code="d">Guilford.</subfield></datafield><datafield ind1="0" ind2="0" tag="785"><subfield code="t">Clapboard Hill news</subfield><subfield code="w">(DLC)sn 94053225</subfield><subfield code="w">(OCoLC)31017165</subfield></datafield></record>